H. Boushey and S J. Glenn.  "There are Significant Costs to Replacing Employees."  Center for American Progress.  https://www.americanprogress.org/wp-content/uploads/2012/11/CostofTurnover.pdf.  November 2012, 
J. Kantor. “High Turnover Costs More Than You Think.” Huffington Post.  http://www.huffingtonpost.com/julie-kantor/high-turnover-costs-way-more-than-you-think_b_9197238.html.  February 2016. 
Glassdoor Team. “Top 20 Employee Benefits and Perks.”  Glassdoor.  https://www.glassdoor.com/blog/top-20-employee-benefits-perks/.  February 2016. 
J. Walker.  “Do New Job Tests Foster Bias?” Wall Street Journal. https://www.wsj.com/articles/SB10000872396390443890304578006283936708970. September 2012. 
Abellin.  “Woman Sues Over Personality Test Job Rejection.” ABC News. http://abcnews.go.com/Business/personality-tests-workplace-bogus/story?id=17349051.  October 2012. 
D. Richter. “Why Does HT Need to Collect Data?  An Employer’s Guide.” CascadeGo HRMoz Blog.  http://www2.octopus-hr.co.uk/hrmoz/article/why-does-hr-need-to-collect-data.aspx September 2014. 
Office of Personnel Management.  "Separations Data" from "Data, Analysis and Documentation."  OPM.  https://www.opm.gov/data/.  2106. 
Bureau of Labor Statistics.  "Help & Tutorials: Data Descriptions." Bureau of Labor Statistics. https://www.bls.gov/help/def/jl.htm#rate/level.  November 2002. 
Z. Lipton. "The Foundations of Algorithmic Bias." Approximately Correct. http://approximatelycorrect.com/2016/11/07/the-foundations-of-algorithmic-bias/.  November 2016. 
J. Angwin, J. Larson, M. Surya, and L. Krichner.  "Machine Bias."  in "Machine Bias: Learning the Algorithms that Control Our Lives."  ProPublica.  https://www.propublica.org/article/machine-bias-risk-assessments-in-criminal-sentencing.  May 2016. 
A. Akhtar. "Is Pokémon Go Racist? How the app by be redlining communities of color" in "Inequity in Silicon Valley."  USA Today.  https://www.usatoday.com/story/tech/news/2016/08/09/pokemon-go-racist-app-redlining-communities-color-racist-pokestops-gyms/87732734/.  August 2016. 
H. Reese.  "Why Microsoft’s ‘Tay’ AI Bot Went Wrong" in "Innovation."  TechRepublic.  http://www.techrepublic.com/article/why-microsofts-tay-ai-bot-went-wrong/.  March 2016. 
N. Aletras, D. Tsarapatsanis, D. Preoţiuc-Pietro, and V. Lampos. (2016) "Predicting judicial decisions of the European Court of Human Rights: a Natural Language Processing perspective." PeerJ Computer Science 2:e93.  https://doi.org/10.7717/peerj-cs.93. October 2016. 
IBM Watson Analytics.  "Sample Data: HR Employee Attrition and Performance." IBM Watson Analytics Blog.  September 2015. 
M. Miller.  "This Algorithm is Better at Predicting Human Behavior Than Humans Are" in "Co.Design: Evidence."  Fast Company. October 2015. 
J. Burn-Murdoch. "The Problem with Algorithms: Magnifying Misbehaviour" in "Big Data."  The Guardian.  https://www.theguardian.com/news/datablog/2013/aug/14/problem-with-algorithms-magnifying-misbehaviour.  August 2013. 
C. Chu. "Machine Learning Done Wrong" from "ML in the Valley: ML Lessons and Insights Learned from Industry Practice." Posthaven.  http://ml.posthaven.com/machine-learning-done-wrong.  June 2014.   
E. Volini, and B. Dussert. "The Informed Executive: Improving Organizational Agility Through Workforce Analytics."  Deloitte Touch Tohmatsu, Ltd.  https://www2.deloitte.com/content/dam/Deloitte/us/Documents/human-capital/us-cons-workforce-analytics.pdf.  2016.   
C. Nielsen.  "Collect Your Employee's Data Without Invading Their Privacy."  Harvard Business Review.  https://hbr.org/2014/09/collect-your-employees-data-without-invading-their-privacy.  September 2014.   
J. Walker.  "Do New Job Tests Foster Bias?" Wall Street Journal.  https://www.wsj.com/articles/SB10000872396390443890304578006283936708970.  September 2012. 
Bureau of Labor Statistics.  "Help & Tutorials: Data Descriptions." Bureau of Labor Statistics. https://www.bls.gov/help/def/jl.htm#rate/level.  November 2002. 
Office of Personnel Management. "FERS Information." Office of Personnel Management. https://www.opm.gov/retirement-services/fers-information/eligibility.  2017. 
C. Merhar. "Employee Retention – The Real Cost of Losing an Employee." Zane Benefits HR Blog. https://www.zanebenefits.com/blog/bid/312123/employee-retention-the-real-cost-of-losing-an-employee. February 2017. 
J Fieldsend and R Everson. "Visualisation of multi-class ROC surfaces." University of Exeter, Department of Computer Science. http://users.dsic.upv.es/~flip/ROCML2005/papers/fieldsend2CRC.pdf.  2005. 
“SAMPLE DATA: HR Employee Attrition and Performance,” IBM Analytics Communities, 11-Apr-2015. [Online]. Available: https://www.ibm.com/communities/analytics/watson-analytics-blog/hr-employee-attrition/. [Accessed: 28-Aug-2017]. 
“Topic: HR Employee Attrition Sample Data Set Origin,” Watson Analytics. [Online]. Available: https://community.watsonanalytics.com/discussions/questions/18014/hr-employee-attrition-sample-data-set-origin.html. [Accessed: 28-Aug-2017]. 
“Watson Analytics Use Case for HR: Retaining valuable employees,” IBM Analytics Communities, 11-Apr-2015. [Online]. Available: https://www.ibm.com/communities/analytics/watson-analytics-blog/watson-analytics-use-case-for-hr-retaining-valuable-employees/. [Accessed: 28-Aug-2017]. 
I. Gallup, “For Millennials, Is Job-Hopping Inevitable?,” Gallup.com, 08-Nov-2016. [Online]. Available: http://www.gallup.com/businessjournal/197234/millennials-job-hopping-inevitable.aspx. [Accessed: 28-Aug-2017]. 
I. Gallup, “Retaining Employees: How Much Does Money Matter?,” Gallup.com, 15-Jan-2016. [Online]. Available: http://www.gallup.com/businessjournal/188399/retaining-employees-money-matter.aspx. [Accessed: 28-Aug-2017]